@misc{GNU-GPL,
      author = "Richard Stallman",
      title = "GNU General Public License",
      month = "01",
      year = "2012",
      url = "https://www.gnu.org/licenses/gpl-3.0.en.html"
}
@misc{rifiuti2,
      author = "Abel Cheung",
      title = "Windows Recycle Bin Analysis Tool",
      url = "https://abelcheung.github.io/rifiuti2/"
}
@misc{regripper,
      author = "keydet89",
      title = "RegRipper2.8",
      url = "https://github.com/keydet89/RegRipper2.8"
}
@misc{813711,
      author = "Microsoft",
      title = "Se pierden los cambios de tamaño, vista, icono o posición de una carpeta",
      url = "https://support.microsoft.com/es-es/help/813711"
}
@misc{namedpipe,
      author = "OJ reeves y egypt",
      title = "namedpipe",
      url = "https://github.com/rapid7/meterpreter/blob/master/source/extensions/priv/server/elevate/namedpipe.c"
}
@misc{meterpreter,
      author = "rapid7",
      title = "meterpreter",
      url = "https://github.com/rapid7/meterpreter"
}
